@article{zaharia2010spark,
  title={Spark: Cluster computing with working sets.},
  author={Zaharia, Matei and Chowdhury, Mosharaf and Franklin, Michael J and Shenker, Scott and Stoica, Ion and others},
  journaltitle={HotCloud},
  volume=10,
  number={10-10},
  pages=95,
  year=2010
}

@inproceedings{shvachko2010hadoop,
  title={The hadoop distributed file system},
  author={Shvachko, Konstantin and Kuang, Hairong and Radia, Sanjay and Chansler, Robert},
  booktitle={2010 IEEE 26th symposium on mass storage systems and technologies (MSST)},
  pages={1--10},
  year=2010,
  organization={Ieee}
}

@article{dean2004mapreduce,
  title={MapReduce: Simplified data processing on large clusters},
  author={Dean, Jeffrey and Ghemawat, Sanjay},
  journaltitle={Google, Inc.},
  year=2004
}

@inproceedings{ghemawat2003google,
  title={The Google file system},
  author={Ghemawat, Sanjay and Gobioff, Howard and Leung, Shun-Tak},
  booktitle={Proceedings of the nineteenth ACM symposium on Operating systems principles},
  pages={29--43},
  year={2003}
}
