@misc{Chen2012pbdMPIpackage,
  author = {Chen, Wei-Chen and Ostrouchov, George and Schmidt, Drew and
    Patel, Pragneshkumar and Yu, Hao},
  title = {{{pbdMPI}}: {Programming} with Big Data – Interface to
    {{MPI}}},
  year = {2012},
  note = {{R} Package}
}
@book{Chen2012pbdMPIvignette,
  author = {Chen, Wei-Chen and Ostrouchov, George and Schmidt, Drew and
    Patel, Pragneshkumar and Yu, Hao},
  title = {A Quick Guide for the {{pbdMPI}} Package},
  year = {2012},
  note = {{R} Vignette}
}
@misc{Schmidt2015pbdCSpackage,
  author = {Schmidt, Drew and Chen, Wei-Chen},
  title = {{{pbdCS}}: {pbdR} Client/Server Utilities},
  year = {2015},
  note = {{R} Package}
}
@book{Schmidt2015pbdCSvignette,
  author = {Schmidt, Drew},
  title = {Guide to the {{pbdCS}} Package},
  year = {2015},
  note = {{R} Vignette}
}
@book{adler08:_large_r,
  author = {Adler, Daniel and Oehlschlägel, Jens and Nenadic, Oleg and
    Zucchini, Walter},
  title = {Large Atomic Data in r Package ’Ff’},
  year = {2008}
}
@book{adler18,
  author = {Adler, Daniel and Gläser, Christian and Nenadic, Oleg and
    Oehlschlägel, Jens and Zucchini, Walter},
  title = {Ff: {Memory-efficient} Storage of Large Data on Disk and Fast
    Access Functions},
  year = {2018},
  note = {R package version 2.2-14}
}
@article{akidau2013millwheel,
  author = {Akidau, Tyler and Balikov, Alex and Bekiroğlu, Kaya and
    Chernyak, Slava and Haberman, Josh and Lax, Reuven and McVeety, Sam
    and Mills, Daniel and Nordstrom, Paul and Whittle, Sam},
  publisher = {VLDB Endowment},
  title = {MillWheel: {Fault-tolerant} Stream Processing at Internet
    Scale},
  journal = {Proceedings of the VLDB Endowment},
  volume = {6},
  number = {11},
  pages = {1033-1044},
  year = {2013}
}
@book{analytics19,
  author = {Analytics, Revolution and Weston, Steve},
  title = {Iterators: {Provides} Iterator Construct},
  year = {2019},
  note = {R package version 1.0.12}
}
@misc{analytics:_rhadoop_wiki,
  author = {Analytics, Revolution},
  title = {RHadoop Wiki},
  year = {2015},
  month = {nov}
}
@misc{azure16:_r_server_hdins_r_analy,
  author = {Azure, Microsoft},
  title = {R Server for {HDInsight} - r Analytics},
  year = {2016}
}
@booklet{bengtsson19:_futur_r,
  author = {Bengtsson, Henrik},
  title = {A Future for r: {A} Comprehensive Overview},
  year = {2019}
}
@book{bengtsson19batch,
  author = {Bengtsson, Henrik},
  title = {Future.batchtools: {A} Future {API} for Parallel and
    Distributed Processing Using ’Batchtools’},
  year = {2019},
  note = {R package version 0.8.1}
}
@book{bengtsson19callr,
  author = {Bengtsson, Henrik},
  title = {Future.callr: {A} Future {API} for Parallel Processing Using
    ’Callr’},
  year = {2019},
  note = {R package version 0.5.0}
}
@book{bengtsson20,
  author = {Bengtsson, Henrik},
  title = {Future: {Unified} Parallel and Distributed Processing in r
    for Everyone},
  year = {2020},
  note = {R package version 1.16.0}
}
@book{bengtsson20:_futur_r,
  author = {Bengtsson, Henrik},
  title = {A Future for r: {A} Comprehensive Overview},
  number = {1},
  year = {2020}
}
@book{bengtsson20:_futur_r2,
  author = {Bengtsson, Henrik},
  title = {A Future for r: {Text} and Message Output},
  number = {2},
  year = {2020}
}
@book{bengtsson20:_futur_r3,
  author = {Bengtsson, Henrik},
  title = {A Future for r: {Future} Topologies},
  number = {3},
  year = {2020}
}
@book{bengtsson20:_futur_r4,
  author = {Bengtsson, Henrik},
  title = {A Future for r: {Common} Issues with Solutions},
  number = {4},
  year = {2020}
}
@book{bengtsson20:_futur_r5,
  author = {Bengtsson, Henrik},
  title = {A Future for r: {Non-exportable} Objects},
  number = {5},
  year = {2020}
}
@book{bengtsson20:_futur_r6,
  author = {Bengtsson, Henrik},
  title = {A Future for r: {Controlling} Default Future Strategy},
  number = {6},
  year = {2020}
}
@book{bengtsson20apply,
  author = {Bengtsson, Henrik},
  title = {Future.apply: {Apply} Function to Elements in Parallel Using
    Futures},
  year = {2020},
  note = {R package version 1.4.0}
}
@book{bengtsson20do,
  author = {Bengtsson, Henrik},
  title = {doFuture: {A} Universal Foreach Parallel Adapter Using the
    Future {API} of the ’Future’ Package},
  year = {2020},
  note = {R package version 0.9.0}
}
@article{bischl15:_batch_batch,
  author = {Bischl, Bernd and Lang, Michel and Mersmann, Olaf and
    Rahnenführer, Jörg and Weihs, Claus},
  title = {{{BatchJobs}} and {{BatchExperiments}}: {Abstraction}
    Mechanisms for Using {{R}} in Batch Environments},
  journal = {Journal of Statistical Software},
  volume = {64},
  number = {11},
  pages = {1-25},
  year = {2015}
}
@inproceedings{choi1992scalapack,
  author = {Choi, Jaeyoung and Dongarra, Jack J and Pozo, Roldan and
    Walker, David W},
  publisher = {IEEE},
  title = {ScaLAPACK: {A} Scalable Linear Algebra Library for
    Distributed Memory Concurrent Computers},
  booktitle = {{[}Proceedings 1992{]} the fourth symposium on the
    frontiers of massively parallel computation},
  pages = {120-127},
  year = {1992}
}
@book{core:_packag,
  author = {Core, R},
  title = {Package ’Parallel’},
  year = {2018},
  month = {dec}
}
@book{corporation19,
  author = {Corporation, Microsoft and Weston, Steve},
  title = {doParallel: {Foreach} Parallel Adaptor for the ’Parallel’
    Package},
  year = {2019},
  note = {R package version 1.0.15}
}
@book{csardi20,
  author = {Csárdi, Gábor and Chang, Winston},
  title = {Callr: {Call} r from r},
  year = {2020},
  note = {R package version 3.4.2}
}
@article{dean2004mapreduce,
  author = {Dean, Jeffrey and Ghemawat, Sanjay},
  title = {MapReduce: {Simplified} Data Processing on Large Clusters},
  journal = {Google, Inc.},
  year = {2004}
}
@misc{deltarho:_rhipe,
  author = {DeltaRho},
  title = {RHIPE: {R} and Hadoop Integrated Programming Environment},
  year = {2015},
  month = {dec}
}
@inproceedings{demmel1989lapack,
  author = {Demmel, James},
  publisher = {IEEE},
  title = {LAPACK: {A} Portable Linear Algebra Library for
    Supercomputers},
  booktitle = {IEEE control systems society workshop on computer-aided
    control system design},
  pages = {1-7},
  year = {1989}
}
@book{dosnow19,
  author = {Corporation, Microsoft and Weston, Stephen},
  title = {doSNOW: {Foreach} Parallel Adaptor for the ’Snow’ Package},
  year = {2019},
  note = {R package version 1.0.18}
}
@book{dowle19,
  author = {Dowle, Matt and Srinivasan, Arun},
  title = {Data.table: {Extension} of ‘Data.frame‘},
  year = {2019},
  note = {R package version 1.12.8}
}
@book{dowle19:_bench,
  author = {Dowle, Matt},
  title = {Benchmarking Data.table},
  year = {2019}
}
@book{dowle19:_introd,
  author = {Dowle, Matt},
  title = {Introduction to Data.table},
  year = {2019}
}
@book{emerson16,
  author = {Emerson, John W. and Kane, Michael J.},
  title = {Biganalytics: {Utilities} for ’Big.matrix’ Objects from
    Package ’Bigmemory’},
  year = {2016},
  note = {R package version 1.1.14}
}
@book{gaujoux20,
  author = {Gaujoux, Renaud},
  title = {doRNG: {Generic} Reproducible Parallel Backend for ’Foreach’
    Loops},
  year = {2020},
  note = {R package version 1.8.2}
}
@inproceedings{ghemawat2003google,
  author = {Ghemawat, Sanjay and Gobioff, Howard and Leung, Shun-Tak},
  title = {The Google File System},
  booktitle = {Proceedings of the nineteenth ACM symposium on operating
    systems principles},
  pages = {29-43},
  year = {2003}
}
@book{gorecki16,
  author = {Gorecki, Jan},
  title = {Big.data.table: {Parallel} Distributed Computing for
    Data.table},
  year = {2016},
  note = {R package version 0.3.4}
}
@misc{h2o.ai:_h2o,
  author = {H2O.ai, Inc.},
  title = {H2o 3.28.1.1 Document. {H2O} Architecture},
  year = {2020},
  month = {mar}
}
@misc{h2o.ai:_home_open_sourc_leader_ai,
  author = {H2O.ai, Inc.},
  title = {Home - Open Source Leader in {AI} An},
  year = {2020},
  month = {mar}
}
@book{hoang20,
  author = {Hoang, Brian},
  title = {doAzureParallel: {doAzureParallel}},
  year = {2020},
  note = {R package version 0.8.0}
}
@book{hpcvis,
  author = {Schmidt, Drew and Chen, Wei-Chen},
  title = {Hpcvis: {Plot} Utilities for {MPI} Codes and Hardware
    Counters},
  year = {2020},
  note = {R package version 0.2-1}
}
@book{inc.14:_infos_bigin_big_r,
  author = {Inc., IBM},
  publisher = {IBM Inc.},
  title = {InfoSphere {BigInsights} Big r},
  year = {2014}
}
@book{jonge15,
  author = {de Jonge, Edwin},
  title = {Ffbase2: {Dplyr} for ’Ff’},
  year = {2015},
  note = {R package version 0.2}
}
@book{jonge20,
  author = {de Jonge, Edwin and Wijffels, Jan and van der Laan, Jan},
  title = {Ffbase: {Basic} Statistical Functions for Package ’Ff’},
  year = {2020},
  note = {R package version 0.12.8}
}
@article{kane13:bigmemory,
  author = {Kane, Michael J. and Emerson, John and Weston, Stephen},
  title = {Scalable Strategies for Computing with Massive Data},
  journal = {Journal of Statistical Software},
  volume = {55},
  number = {14},
  pages = {1-19},
  year = {2013}
}
@book{kane16,
  author = {Kane, Michael J. and Emerson, John W.},
  title = {Bigtabulate: {Table,} Apply, and Split Functionality for
    Matrix and ’Big.matrix’ Objects},
  year = {2016},
  note = {R package version 1.1.5}
}
@book{klik19,
  author = {Klik, Mark},
  title = {Fst: {Lightning} Fast Serialization of Data Frames for r},
  year = {2019},
  note = {R package version 0.9.0}
}
@article{lang17,
  author = {Lang, Michel and Bischl, Bernd and Surmann, Dirk},
  title = {Batchtools: {Tools} for r to Work on Batch Systems},
  journal = {The Journal of Open Source Software},
  number = {10},
  year = {2017},
  month = {feb}
}
@article{lawson1979basic,
  author = {Lawson, Chuck L and Hanson, Richard J. and Kincaid, David R
    and Krogh, Fred T.},
  publisher = {ACM New York, NY, USA},
  title = {Basic Linear Algebra Subprograms for Fortran Usage},
  journal = {ACM Transactions on Mathematical Software (TOMS)},
  volume = {5},
  number = {3},
  pages = {308-323},
  year = {1979}
}
@book{lewis20,
  author = {Lewis, B. W.},
  title = {doRedis: {’Foreach’} Parallel Adapter Using the ’Redis’
    Database},
  year = {2020},
  note = {R package version 2.0.0}
}
@article{liskov1975specification,
  author = {Liskov, Barbara H and Zilles, Stephen N},
  publisher = {IEEE},
  title = {Specification Techniques for Data Abstractions},
  journal = {IEEE Transactions on Software Engineering},
  number = {1},
  pages = {7-19},
  year = {1975}
}
@book{lumley2013biglm,
  author = {Lumley, Thomas},
  title = {Biglm: {Bounded} Memory Linear and Generalized Linear Models},
  year = {2013},
  note = {R package version 0.9-1}
}
@book{luraschi20,
  author = {Luraschi, Javier and Kuo, Kevin and Ushey, Kevin and
    Allaire, JJ and The Apache Software Foundation},
  title = {Sparklyr: {R} Interface to Apache Spark},
  year = {2020},
  note = {R package version 1.1.0}
}
@misc{mapr19:_indus_next_gener_data_platf_ai_analy,
  author = {MAPR},
  title = {Industry’s Next Generation Data Platform for {AI} and
    Analytics},
  year = {2019}
}
@misc{matloff15,
  author = {Matloff, Norman},
  title = {Partools: {A} Sensible r Package for Large Data Sets},
  year = {2015},
  month = {aug}
}
@article{matloff16softw_alchemy,
  author = {Matloff, Norman},
  title = {Software Alchemy: {Turning} Complex Statistical Computations
    into Embarrassingly-Parallel Ones},
  journal = {Journal of Statistical Software},
  volume = {71},
  number = {4},
  pages = {1-15},
  year = {2016}
}
@book{matloff17,
  author = {Matloff, Norman},
  publisher = {University of California, Davis},
  title = {Partools: {A} Sensible r Package for Large Data Sets},
  year = {2017},
  month = {apr}
}
@book{microsoft20,
  author = {Microsoft and Weston, Steve},
  title = {Foreach: {Provides} Foreach Looping Construct},
  year = {2020},
  note = {R package version 1.4.8}
}
@misc{pbdBASEpackage,
  author = {Schmidt, Drew and Chen, Wei-Chen and de la Chapelle,
    Sebastien Lamy and Ostrouchov, George and Patel, Pragneshkumar},
  title = {{{pbdBASE}}: {pbdR} Base Wrappers for Distributed Matrices},
  year = {2020},
  note = {{R} package version 0.5-3}
}
@book{pbdBASEvignette,
  author = {Schmidt, Drew and Chen, Wei-Chen and Ostrouchov, George and
    Patel, Pragneshkumar},
  title = {A Quick Guide for the {{pbdBASE}} Package},
  year = {2020},
  note = {{R} package vignette}
}
@misc{pbdDMATpackage,
  author = {Schmidt, Drew and Chen, Wei-Chen and de la Chapelle,
    Sebastien Lamy and Ostrouchov, George and Patel, Pragneshkumar},
  title = {{{pbdDMAT}}: {pbdR} Distributed Matrix Methods},
  year = {2020},
  note = {{R} package version 0.5-1}
}
@book{pbdDMAT2020guide,
  author = {Schmidt, Drew and Chen, Wei-Chen and Ostrouchov, George and
    Patel, Pragneshkumar},
  title = {Guide to the {{pbdDMAT}} Package: {Distributed} Matrix
    Classes and Methods},
  year = {2020},
  note = {{R} package vignette}
}
@misc{pbdR2012,
  author = {Ostrouchov, G. and Chen, W.-C. and Schmidt, D. and Patel,
    P.},
  title = {Programming with Big Data in r},
  year = {2012}
}
@article{prive2018efficient,
  author = {Privé, Florian and Aschard, Hugues and Ziyatdinov, Andrey
    and Blum, Michael GB},
  publisher = {Oxford University Press},
  title = {Efficient Analysis of Large-Scale Genome-Wide Data with Two r
    Packages: {Bigstatsr} and Bigsnpr},
  journal = {Bioinformatics},
  volume = {34},
  number = {16},
  pages = {2781-2787},
  year = {2018}
}
@book{schmidt20,
  author = {Schmidt, Drew and Ostrouchov, George and Chen, Wei-Chen},
  title = {pbdML: {Programming} with Big Data – Machine Learning},
  year = {2020},
  note = {R package version 0.1-2}
}
@inproceedings{shvachko2010hadoop,
  author = {Shvachko, Konstantin and Kuang, Hairong and Radia, Sanjay
    and Chansler, Robert},
  publisher = {IEEE},
  title = {The Hadoop Distributed File System},
  booktitle = {2010 IEEE 26th symposium on mass storage systems and
    technologies (MSST)},
  pages = {1-10},
  year = {2010}
}
@book{team20:_r,
  author = {R Core Team},
  publisher = {R Foundation for Statistical Computing},
  title = {R: {A} Language and Environment for Statistical Computing},
  year = {2020},
  address = {Vienna, Austria}
}
@book{tierney18,
  author = {Tierney, Luke and Rossini, A. J. and Li, Na and Sevcikova,
    H.},
  title = {{SNOW}: Simple Network of Workstations},
  year = {2018},
  note = {R package version 0.4-3}
}
@book{urbanek20,
  author = {Urbanek, Simon and Arnold, Taylor},
  title = {Hmr: {High-performance} Hadoop Map/Reduce r Interface Based
    on Iotools},
  year = {2020},
  note = {R package version 1.1-0}
}
@book{urbanek20b,
  author = {Urbanek, Simon and Arnold, Taylor},
  title = {Iotools: {I/o} Tools for Streaming},
  year = {2020},
  note = {R package version 0.3-1}
}
@book{vaughan18,
  author = {Vaughan, Davis and Dancho, Matt},
  title = {Furrr: {Apply} Mapping Functions in Parallel Using Futures},
  year = {2018},
  note = {R package version 0.1.0}
}
@inproceedings{venkataraman2016sparkr,
  author = {Venkataraman, Shivaram and Yang, Zongheng and Liu, Davies
    and Liang, Eric and Falaki, Hossein and Meng, Xiangrui and Xin,
    Reynold and Ghodsi, Ali and Franklin, Michael and Stoica, Ion and
    others},
  title = {Sparkr: {Scaling} r Programs with Spark},
  booktitle = {Proceedings of the 2016 international conference on
    management of data},
  pages = {1099-1104},
  year = {2016}
}
@book{venkataraman20:_spark,
  author = {Venkataraman, Shivaram and Meng, Xiangrui and Cheung, Felix
    and The Apache Software Foundation},
  title = {SparkR: {R} Front End for ’Apache Spark’},
  year = {2020},
  note = {R package version 2.4.5}
}
@book{venktaraman19:_spark_pract_guide,
  author = {Venktaraman, Shivaram},
  title = {SparkR - Practical Guide},
  year = {2019}
}
@misc{vertica:_distr,
  author = {Vertica},
  title = {DistributedR},
  year = {2015},
  month = {dec}
}
@misc{wes16,
  author = {Wes McKinney, Hadley Wickham},
  title = {Wesm/Feather: {Feather:} {Fast,} Interoperable Binary Data
    Frame Storage for Python, r, and More Powered by Apache Arrow},
  year = {2016}
}
@book{weston17,
  author = {Weston, Steve},
  title = {doMPI: {Foreach} Parallel Adaptor for the Rmpi Package},
  year = {2017},
  note = {R package version 0.2.2}
}
@book{weston19:_nestin_loops,
  author = {Weston, Steve},
  title = {Nesting Foreach Loops},
  year = {2019}
}
@book{weston19:_using,
  author = {Weston, Steve and Oi, Hoong},
  title = {Using the Foreach Package},
  year = {2019}
}
@book{wijffels13,
  author = {Wijffels, Jan and Jonge, Edwin de},
  title = {Ffbase, Statistical Functions for Large Datasets},
  year = {2013}
}
@article{yu02:_rmpi,
  author = {Yu, Hao},
  title = {Rmpi: {Parallel} Statistical Computing in r},
  journal = {R News},
  volume = {2},
  number = {2},
  pages = {10-14},
  year = {2002}
}
@article{zaharia2010spark,
  author = {Zaharia, Matei and Chowdhury, Mosharaf and Franklin, Michael
    J and Shenker, Scott and Stoica, Ion and others},
  title = {Spark: {Cluster} Computing with Working Sets.},
  journal = {HotCloud},
  volume = {10},
  number = {10-10},
  pages = {95},
  year = {2010}
}
@article{zaharia2016apache,
  author = {Zaharia, Matei and Xin, Reynold S and Wendell, Patrick and
    Das, Tathagata and Armbrust, Michael and Dave, Ankur and Meng,
    Xiangrui and Rosen, Josh and Venkataraman, Shivaram and Franklin,
    Michael J and others},
  publisher = {ACM New York, NY, USA},
  title = {Apache Spark: {A} Unified Engine for Big Data Processing},
  journal = {Communications of the ACM},
  volume = {59},
  number = {11},
  pages = {56-65},
  year = {2016}
}
@article{zeng17:_packag,
  author = {Zeng, Yaohui and Breheny, Patrick},
  title = {The Biglasso Package: {A} Memory- and Computation-Efficient
    Solver for Lasso Model Fitting with Big Data in r},
  journal = {ArXiv e-prints},
  year = {2017}
}
@article{zeng2017biglasso,
  author = {Zeng, Yaohui and Breheny, Patrick},
  title = {The Biglasso Package: {A} Memory-and Computation-Efficient
    Solver for Lasso Model Fitting with Big Data in r},
  journal = {arXiv preprint arXiv:1701.05936},
  year = {2017}
}
@book{zheludkov2017high,
  author = {Zheludkov, Michael and Isachenko, Timur and others},
  publisher = {Lulu. com},
  title = {High Performance in-Memory Computing with Apache Ignite},
  year = {2017}
}
@misc{zj19:_custom_one_stage_group_by_funct,
  author = {ZJ, Dai},
  title = {Custom One-Stage Group-by Functions Disk.frame},
  year = {2019}
}
@misc{zj19:_group_by,
  author = {ZJ, Dai},
  title = {Group-by Disk.frame},
  year = {2019}
}
@misc{zj19:_inges_data,
  author = {ZJ, Dai},
  title = {Ingesting Data Disk.frame. {Exploiting} the Structure of a
    Disk.frame},
  year = {2019}
}
@misc{zj19:_key,
  author = {ZJ, Dai},
  title = {Key ‘{disk.frame}‘ Concepts Disk.frame},
  year = {2019}
}
@misc{zj19:_simpl_verbs_lazy_evaluat,
  author = {ZJ, Dai},
  title = {Simple Dplyr Verbs and Lazy Evaluation Disk.frame},
  year = {2019}
}
@misc{zj19:_using,
  author = {ZJ, Dai},
  title = {Using Data.table Syntax with Disk.frame Disk.frame.
    {External} Variables Are Captured},
  year = {2019}
}
@book{zj20,
  author = {ZJ, Dai},
  title = {Disk.frame: {Larger-than-RAM} Disk-Based Data Manipulation
    Framework},
  year = {2020},
  note = {R package version 0.3.4}
}
@misc{zj20:_larger_ram_disk_based_data,
  author = {ZJ, Dai},
  title = {Larger-Than-RAM Disk-Based Data Manipulation Framework
    Disk.frame: {Disk.frame} 0.3.4},
  year = {2020}
}
@book{HastieTrevor2001Teos,
  author = {Hastie, Trevor},
  publisher = {Springer},
  title = {The Elements of Statistical Learning Data Mining, Inference,
    and Prediction : {With} 200 Full-Color Illustrations},
  series = {Springer series in statistics},
  year = {2001},
  address = {New York}
}
@article{Chen13,
  author = {Chen, Colin},
  title = {Distributed Iteratively Reweighted Least Squares and
    Applications},
  journal = {Statistics and Its Interface},
  volume = {6},
  pages = {585-593},
  year = {2013},
  month = {jan}
}
@book{Cheng19,
  author = {Cheng, Joe},
  title = {Promises: {Abstractions} for Promise-Based Asynchronous
    Programming},
  year = {2019},
  note = {R package version 1.1.0}
}
@book{kuo18,
  author = {Kuo, Kevin},
  title = {Graphframes: {Interface} for {’GraphFrames’}},
  year = {2018},
  note = {R package version 0.1.2}
}
@book{kusnierczyk12,
  author = {Kusnierczyk, Wacek},
  title = {Rbenchmark: {Benchmarking} Routine for r},
  year = {2012},
  note = {R package version 1.0.0}
}
@book{mersmann29,
  author = {Mersmann, Olaf},
  title = {Microbenchmark: {Accurate} Timing Functions},
  year = {2019},
  note = {R package version 1.4-7}
}
@article{schmidt2017programming,
  author = {Schmidt, Drew and Chen, Wei-Chen and Matheson, Michael A and
    Ostrouchov, George},
  publisher = {Elsevier},
  title = {Programming with {BIG} Data in r: {Scaling} Analytics from
    One to Thousands of Nodes},
  journal = {Big Data Research},
  volume = {8},
  pages = {1-11},
  year = {2017}
}
@misc{Chen2012pbdSLAPpackage,
  author = {Chen, Wei-Chen and Schmidt, Drew and Ostrouchov, George and
    Patel, Pragneshkumar},
  title = {{{pbdSLAP}}: {Programming} with Big Data – Scalable Linear
    Algebra Packages},
  year = {2012},
  note = {{R} Package}
}
@book{Chen2012pbdSLAPvignette,
  author = {Chen, Wei-Chen and Schmidt, Drew and Ostrouchov, George and
    Patel, Pragneshkumar},
  title = {A Quick Guide for the {{pbdSLAP}} Package},
  year = {2012},
  note = {{R} Vignette}
}
@article{eddelbuettel2019parallel,
  author = {Eddelbuettel, Dirk},
  title = {Parallel Computing with r: {A} Brief Review},
  journal = {arXiv preprint arXiv:1912.11144},
  year = {2019}
}
@article{wickham2011mutable,
  author = {Wickham, Hadley},
  publisher = {Springer},
  title = {Mutable Objects in r},
  journal = {Computational Statistics},
  volume = {26},
  number = {3},
  pages = {405-418},
  year = {2011}
}
@book{rcore2020intro,
  author = {Venables, W. N. and Smith, D. M. and R Core Teamthe},
  title = {An Introduction to r: {Notes} on r: {A} Programming
    Environment for Data Analysis and Graphics},
  year = {2020},
  month = {feb}
}
@article{blum1973time,
  author = {Blum, Manuel and Floyd, Robert W. and Pratt, Vaughan R. and
    Rivest, Ronald L. and Tarjan, Robert Endre},
  title = {Time Bounds for Selection},
  journal = {J. Comput. Syst. Sci.},
  volume = {7},
  number = {4},
  pages = {448-461},
  year = {1973}
}
@article{markey2005tame,
  author = {Markey, Nicolas},
  title = {Tame the Beast},
  journal = {The B to X of BibTEX, version},
  year = {2009}
}
@book{rcore2020lang,
  author = {Team, R Core},
  title = {R Language Definition},
  year = {2020},
  month = {feb}
}
@book{rcore2020ints,
  author = {Team, R Core},
  title = {R Internals},
  year = {2020},
  month = {feb}
}
@inbook{parnas1972criteria,
  author = {Parnas, David L},
  publisher = {Springer},
  title = {On the Criteria to Be Used in Decomposing Systems into
    Modules},
  booktitle = {Pioneers and their contributions to software engineering},
  pages = {479-498},
  year = {1972}
}
@article{royce1970managing,
  author = {Royce, Winston W},
  title = {Managing the Development of Large Software Systems.
    {Proceedings} of {IEEE} {WESCON}},
  journal = {Los Angeles},
  pages = {328-388},
  year = {1970}
}
@article{burrus2012iterative,
  author = {Burrus, C Sidney},
  title = {Iterative Reweighted Least Squares},
  journal = {OpenStax CNX. Available online: http://cnx.
    org/contents/92b90377-2b34-49e4-b26f-7fe572db78a1},
  volume = {12},
  year = {2012}
}
@article{mccarthy1983timesharing,
  author = {McCarthy, John},
  title = {Reminiscences on the History of Time Sharing},
  journal = {URL: http://www-formal. stanford.
    edu/jmc/history/timesharing. dvi},
  year = {1983}
}
@book{takada2018distsysbook,
  author = {Takada, Mikito},
  title = {Distributed Systems: {For} Fun and Profit},
  year = {2018}
}
@article{lamport1978ordering,
  author = {Lamport, Leslie},
  title = {Time, Clocks, and the Ordering of Events in a Distributed
    System},
  journal = {Communications of the ACM},
  volume = {21},
  number = {7},
  year = {1978}
}
@article{walker1996mpi,
  author = {Walker, David W and Dongarra, Jack J},
  publisher = {ASFRA BV},
  title = {MPI: {A} Standard Message Passing Interface},
  journal = {Supercomputer},
  volume = {12},
  pages = {56-68},
  year = {1996}
}
@inbook{mccarthy1978history,
  author = {McCarthy, John},
  title = {History of {LISP}},
  booktitle = {History of programming languages},
  pages = {173-185},
  year = {1978}
}
@inbook{dijkstra1982role,
  author = {Dijkstra, Edsger W},
  publisher = {Springer},
  title = {On the Role of Scientific Thought},
  booktitle = {Selected writings on computing: A personal perspective},
  pages = {60-66},
  year = {1982}
}
@inbook{dahl2004simula,
  author = {Dahl, Ole-Johan},
  publisher = {Springer},
  title = {The Birth of Object Orientation: {The} Simula Languages},
  booktitle = {From object-orientation to formal methods},
  pages = {15-25},
  year = {2004}
}
@incollection{lamport1990dist,
  author = {LAMPORT, Leslie and LYNCH, Nancy},
  editor = {LEEUWEN{]}, JAN {[}VAN},
  publisher = {Elsevier},
  title = {CHAPTER 18 - Distributed Computing: {Models} and Methods},
  booktitle = {Formal models and semantics},
  series = {Handbook of theoretical computer science},
  pages = {1157-1199},
  year = {1990},
  address = {Amsterdam}
}
@book{dongarra2007lapack,
  author = {authors and Dongarra, Jack},
  title = {{{LAPACK}} Working Note 81: {Quick} Installation Guide for
    {{LAPACK}} on {{UNIX}} Systems},
  year = {2007}
}
@inproceedings{strachey1959time,
  author = {Strachey, Christopher},
  publisher = {ASSOC COMPUTING MACHINERY 1515 BROADWAY, NEW YORK, NY
    10036},
  title = {Time Sharing in Large Fast Computers},
  booktitle = {Communications of the ACM},
  volume = {2},
  number = {7},
  pages = {12-13},
  year = {1959}
}
@inproceedings{amdahl1967law,
  author = {Amdahl, Gene M},
  title = {Validity of the Single Processor Approach to Achieving Large
    Scale Computing Capabilities},
  booktitle = {Proceedings of the april 18-20, 1967, spring joint
    computer conference},
  pages = {483-485},
  year = {1967}
}
@article{gustafson1988law,
  author = {Gustafson, John L},
  publisher = {ACM},
  title = {Reevaluating Amdahl’s Law},
  journal = {Communications of the ACM},
  volume = {31},
  number = {5},
  pages = {532-533},
  year = {1988}
}
@misc{sparklyr2020limitations,
  author = {RStudio},
  title = {Distributing {{R}} Computations},
  year = {2020}
}
@article{sondergaard1990Rtda,
  author = {Søndergaard, Harald and Sestoft, Peter},
  publisher = {Springer-Verlag},
  title = {Referential Transparency, Definiteness and Unfoldability},
  journal = {Acta Informatica},
  volume = {27},
  number = {6},
  pages = {505-517},
  year = {1990},
  address = {Berlin/Heidelberg}
}
@book{norman2013design,
  author = {Norman, Don},
  publisher = {Basic books},
  title = {The Design of Everyday Things: {Revised} and Expanded
    Edition},
  year = {2013}
}
@article{merkel2014docker,
  author = {Merkel, Dirk},
  title = {Docker: {Lightweight} Linux Containers for Consistent
    Development and Deployment},
  journal = {Linux journal},
  volume = {2014},
  number = {239},
  pages = {2},
  year = {2014}
}
@techreport{bierhoff2009api,
  author = {Bierhoff, Kevin},
  publisher = {CARNEGIE-MELLON UNIV PITTSBURGH PA SCHOOL OF COMPUTER
    SCIENCE},
  title = {Api Protocol Compliance in Object-Oriented Software},
  year = {2009}
}
@article{wickham2019welcome,
  author = {Wickham, Hadley and Averick, Mara and Bryan, Jennifer and
    Chang, Winston and McGowan, Lucy and François, Romain and Grolemund,
    Garrett and Hayes, Alex and Henry, Lionel and Hester, Jim and
    others},
  title = {Welcome to the Tidyverse},
  journal = {Journal of Open Source Software},
  volume = {4},
  number = {43},
  pages = {1686},
  year = {2019}
}
@book{white2012hadoop,
  author = {White, Tom},
  publisher = {" O’Reilly Media, Inc."},
  title = {Hadoop: {The} Definitive Guide},
  year = {2012}
}
@book{chambers2018spark,
  author = {Chambers, Bill and Zaharia, Matei},
  publisher = {" O’Reilly Media, Inc."},
  title = {Spark: {The} Definitive Guide: {Big} Data Processing Made
    Simple},
  year = {2018}
}
@book{wickham2019advanced,
  author = {Wickham, Hadley},
  publisher = {CRC press},
  title = {Advanced r},
  year = {2019}
}
@book{revo2013rhdfs,
  author = {Analytics, Revolution},
  title = {Rhdfs: {R} and Hadoop Distributed Filesystem},
  year = {2013},
  note = {R package version 1.0.8}
}
@book{revo2015rmr2,
  author = {Analytics, Revolution},
  title = {Rmr2: {R} and Hadoop Streaming Connector},
  year = {2015},
  note = {R package version 3.3.1}
}
@book{revo2014plyrmr,
  author = {Analytics, Revolution},
  title = {Plyrmr: {Data} Manipulation Backed by Rmr2 and Hadoop},
  year = {2014},
  note = {R package version 3.3.1}
}
@book{spark2020rdd,
  author = {Spark},
  title = {RDD Programming Guide},
  year = {2020}
}
@book{wickham2016r,
  author = {Wickham, Hadley and Grolemund, Garrett},
  publisher = {" O’Reilly Media, Inc."},
  title = {R for Data Science: {Import,} Tidy, Transform, Visualize, and
    Model Data},
  year = {2016}
}
@book{abelson1996structure,
  author = {Abelson, Harold and Sussman, Gerald Jay and Sussman, Julie},
  publisher = {Justin Kelly},
  title = {Structure and Interpretation of Computer Programs},
  year = {1996}
}
@book{cousineau1998functional,
  author = {Cousineau, Guy and Mauny, Michel},
  publisher = {Cambridge University Press},
  title = {The Functional Approach to Programming},
  year = {1998}
}
@article{strachey2000fundamental,
  author = {Strachey, Christopher},
  publisher = {Springer},
  title = {Fundamental Concepts in Programming Languages},
  journal = {Higher-order and symbolic computation},
  volume = {13},
  number = {1-2},
  pages = {11-49},
  year = {2000}
}
@misc{python2020iter,
  author = {Foundation, Python Software},
  title = {The Python Standard Library Documentation. {Built-in} Types},
  year = {2020}
}
@book{luraschi2019mastering,
  author = {Luraschi, Javier},
  publisher = {O’Reilly Media},
  title = {Mastering Spark with r : {The} Complete Guide to Large-Scale
    Analysis and Modeling},
  year = {2019},
  address = {Sebastopol, CA}
}
@misc{kendall2014mpi,
  author = {Kendall, Wes},
  title = {MPI Tutorial. {Point-to-point} Communication Application -
    Random Walk}
}
@article{kendall1994note,
  author = {Kendall, Samuel C and Waldo, Jim and Wollrath, Ann and
    Wyant, Geoff},
  publisher = {Sun Microsystems, Inc.},
  title = {A Note on Distributed Computing},
  year = {1994}
}
@article{bu2010haloop,
  author = {Bu, Yingyi and Howe, Bill and Balazinska, Magdalena and
    Ernst, Michael D},
  publisher = {VLDB Endowment},
  title = {HaLoop: {Efficient} Iterative Data Processing on Large
    Clusters},
  journal = {Proceedings of the VLDB Endowment},
  volume = {3},
  number = {1-2},
  pages = {285-296},
  year = {2010}
}
@article{hoare1978communicating,
  author = {Hoare, Charles Antony Richard},
  publisher = {ACM New York, NY, USA},
  title = {Communicating Sequential Processes},
  journal = {Communications of the ACM},
  volume = {21},
  number = {8},
  pages = {666-677},
  year = {1978}
}
@article{shannon1948mathematical,
  author = {Shannon, Claude E},
  publisher = {Wiley Online Library},
  title = {A Mathematical Theory of Communication},
  journal = {Bell system technical journal},
  volume = {27},
  number = {3},
  pages = {379-423},
  year = {1948}
}
@article{backus1978functional,
  author = {Backus, John},
  publisher = {ACM New York, NY, USA},
  title = {Can Programming Be Liberated from the von Neumann Style? {A}
    Functional Style and Its Algebra of Programs},
  journal = {Communications of the ACM},
  volume = {21},
  number = {8},
  pages = {613-641},
  year = {1978}
}
@article{helland2015immutability,
  author = {Helland, Pat},
  publisher = {ACM New York, NY, USA},
  title = {Immutability Changes Everything},
  journal = {Communications of the ACM},
  volume = {59},
  number = {1},
  pages = {64-70},
  year = {2015}
}
@article{cardelli1985understanding,
  author = {Cardelli, Luca and Wegner, Peter},
  publisher = {ACM New York, NY, USA},
  title = {On Understanding Types, Data Abstraction, and Polymorphism},
  journal = {ACM Computing Surveys (CSUR)},
  volume = {17},
  number = {4},
  pages = {471-523},
  year = {1985}
}
@inproceedings{kamp2000jails,
  author = {Kamp, Poul-Henning and Watson, Robert NM},
  title = {Jails: {Confining} the Omnipotent Root},
  booktitle = {Proceedings of the 2nd international SANE conference},
  volume = {43},
  pages = {116},
  year = {2000}
}
@book{chambers2008software,
  author = {Chambers, John},
  publisher = {Springer},
  title = {Software for Data Analysis : {Programming} with r},
  year = {2008},
  address = {New York}
}
@book{fowler2003patterns,
  author = {Fowler, Martin},
  publisher = {Addison-Wesley},
  title = {Patterns of Enterprise Application Architecture},
  year = {2003},
  address = {Boston}
}
@inproceedings{waldo1996note,
  author = {Waldo, Jim and Wyant, Geoff and Wollrath, Ann and Kendall,
    Sam},
  publisher = {Springer},
  title = {A Note on Distributed Computing},
  booktitle = {International workshop on mobile object systems},
  pages = {49-64},
  year = {1996}
}
@article{rotem2006fallacies,
  author = {Rotem-Gal-Oz, Arnon},
  title = {Fallacies of Distributed Computing Explained},
  journal = {URL http://www. rgoarchitects. com/Files/fallacies. pdf},
  volume = {20},
  year = {2006}
}
@book{breiman1993trees,
  author = {Breiman, Leo},
  publisher = {Chapman \& Hall},
  title = {Classification and Regression Trees},
  year = {1993},
  address = {New York}
}
@misc{bot2009flights,
  author = {USA States Bureau of Transportation},
  publisher = {Harvard Dataverse},
  title = {{{Data} {Expo} 2009: {Airline} on time data}},
  year = {2008}
}
@misc{tlc2021trips,
  author = {NYC Taxi \& Limousine Commision},
  publisher = {New York City},
  title = {{{TLC} {Trip} {Records}}},
  year = {2021}
}
@inproceedings{ritchie1979evolution,
  author = {Ritchie, Dennis M},
  publisher = {Springer},
  title = {The Evolution of the Unix Time-Sharing System},
  booktitle = {Symposium on language design and programming methodology},
  pages = {25-35},
  year = {1979}
}
@article{thompson1974unix,
  author = {Thompson, Ken and Ritchie, Dennis M},
  title = {The {UNIX} Time-Sharing System},
  journal = {Communications of the ACM},
  volume = {17},
  number = {7},
  pages = {365-375},
  year = {1974}
}
@book{oram2007beautiful,
  author = {Oram, Andy and Wilson, Greg},
  publisher = {O’Reilly Media, Inc},
  title = {Beautiful Code Leading Programmers Explain How They Think},
  year = {2007}
}
@book{knuth1,
  author = {Knuth, Donald E},
  publisher = {Addison-Wesley Professional},
  title = {The Art of Computer Programming, Volume 1: {Fundamental}
    Algorithms},
  year = {1968}
}
@book{knuth2,
  author = {Knuth, Donald E},
  publisher = {Addison-Wesley Professional},
  title = {Art of Computer Programming, Volume 2: {Seminumerical}
    Algorithms},
  year = {2014}
}
@book{knuth3,
  author = {Knuth, Donald E},
  publisher = {Addison-Wesley Professional},
  title = {The Art of Computer Programming: {Volume} 3: {Sorting} and
    Searching},
  year = {1998}
}
@book{knuth4,
  author = {Knuth, Donald E},
  publisher = {Addison-Wesley Professional},
  title = {The Art of Computer Programming, Volume 4: {Combinatorial}
    Algorithms},
  year = {1968}
}
@article{dorward1997inferno,
  author = {Dorward, Sean M and Pike, Rob and Presotto, David Leo and
    Ritchie, Dennis M and Trickey, Howard W and Winterbottom, Philip},
  publisher = {Nokia Bell Labs},
  title = {The Inferno™ Operating System},
  journal = {Bell Labs Technical Journal},
  volume = {2},
  number = {1},
  pages = {5-18},
  year = {1997}
}
@article{pike1995plan,
  author = {Pike, Rob and Presotto, Dave and Dorward, Sean and
    Flandrena, Bob and Thompson, Ken and Trickey, Howard and
    Winterbottom, Phil},
  publisher = {Berkeley, CA: University of California Press,
    c1988-c1997.},
  title = {Plan 9 from Bell Labs},
  journal = {Computing systems},
  volume = {8},
  number = {3},
  pages = {221-254},
  year = {1995}
}
@book{ogden1923meaning,
  author = {Ogden, Charles Kay and Richards, Ivor Armstrong and
    Malinowski, Bronislaw and Crookshank, Francis Graham},
  publisher = {Kegan Paul London},
  title = {The Meaning of Meaning},
  year = {1923}
}
@misc{sanfilippo2009redis,
  author = {Sanfilippo, Salvatore and Noordhuis, Pieter},
  title = {Redis},
  year = {2009}
}
@book{da2015redis,
  author = {Da Silva, Maxwell Dayvson and Tavares, Hugo Lopes},
  publisher = {Packt Publishing Ltd},
  title = {Redis Essentials},
  year = {2015}
}
@book{urbanek2020rediscc,
  author = {Urbanek, Simon},
  title = {Rediscc: {Redis} Client},
  year = {2020},
  note = {R package version 0.1-6}
}
@inproceedings{li2017redis,
  author = {Li, Songhuan and Jiang, Hong and Shi, Mingkang},
  publisher = {IEEE},
  title = {Redis-Based Web Server Cluster Session Maintaining
    Technology},
  booktitle = {2017 13th international conference on natural
    computation, fuzzy systems and knowledge discovery (ICNC-FSKD)},
  pages = {3065-3069},
  year = {2017}
}
@book{gropp1999mpi,
  author = {Gropp, William and Gropp, William D and Lusk, Ewing and
    Skjellum, Anthony and Lusk, Argonne Distinguished Fellow Emeritus
    Ewing},
  publisher = {MIT press},
  title = {Using {MPI:} {Portable} Parallel Programming with the
    Message-Passing Interface},
  volume = {1},
  year = {1999}
}
@book{carlson2013redis,
  author = {Carlson, Josiah L},
  publisher = {Manning Publications Co.},
  title = {Redis in Action},
  year = {2013}
}
@book{kleppmann2017dataintensive,
  author = {Kleppmann, Martin},
  publisher = {" O’Reilly Media, Inc."},
  title = {Designing Data-Intensive Applications: {The} Big Ideas Behind
    Reliable, Scalable, and Maintainable Systems},
  year = {2017}
}
@misc{rfc1459,
  publisher = {RFC 1459; RFC Editor},
  title = {{{Internet} {Relay} {Chat} {Protocol}}},
  series = {Request for comments},
  number = {1459},
  year = {1993},
  month = {may}
}
@misc{rfc1122,
  author = {Braden, Robert T.},
  publisher = {RFC 1122; RFC Editor},
  title = {{{Requirements} for {Internet} {Hosts} - {Communication}
    {Layers}}},
  series = {Request for comments},
  number = {1122},
  year = {1989},
  month = {oct}
}
@article{curry2004message,
  author = {Curry, Edward},
  publisher = {Wiley Online Library},
  title = {Message-Oriented Middleware},
  journal = {Middleware for communications},
  pages = {1-28},
  year = {2004}
}
@inproceedings{hildebrand1992qnx,
  author = {Hildebrand, Dan},
  title = {An Architectural Overview of {QNX.}},
  booktitle = {USENIX workshop on microkernels and other kernel
    architectures},
  pages = {113-126},
  year = {1992}
}
@inproceedings{nolan2011flickr,
  author = {Walker, Neil and Caudill, Nolan},
  title = {Real-Time Updates on the Cheap for Fun and Profit},
  year = {2011},
  month = {oct}
}
@misc{montrose2016stack,
  author = {Montrose, Kevin},
  publisher = {Meta Stack Exchange},
  title = {Does Stack Exchange Use Caching and If so, How?},
  year = {2016},
  month = {aug}
}
@book{snyder2011activemq,
  author = {Snyder, Bruce and Bosnanac, Dejan and Davies, Rob},
  publisher = {Manning Greenwich Conn.},
  title = {ActiveMQ in Action},
  volume = {47},
  year = {2011}
}
@article{wang2015building,
  author = {Wang, Guozhang and Koshy, Joel and Subramanian, Sriram and
    Paramasivam, Kartik and Zadeh, Mammad and Narkhede, Neha and Rao,
    Jun and Kreps, Jay and Stein, Joe},
  publisher = {VLDB Endowment},
  title = {Building a Replicated Logging System with Apache Kafka},
  journal = {Proceedings of the VLDB Endowment},
  volume = {8},
  number = {12},
  pages = {1654-1655},
  year = {2015}
}
@misc{sanfilippo2016disque,
  author = {Sanfilippo, Salvatore},
  title = {Disque},
  year = {2016}
}
@book{garg2013kafka,
  author = {Garg, Nishant},
  publisher = {Packt Publishing Ltd},
  title = {Apache Kafka},
  year = {2013}
}
@book{abdallah2005commseqproc,
  author = {Abdallah, Ali E and Jones, Cliff B},
  publisher = {Springer Science \& Business Media},
  title = {Communicating Sequential Processes. {The} First 25 Years:
    {Symposium} on the Occasion of 25 Years of {CSP,} London, {UK,} July
    7-8, 2004. {Revised} Invited Papers},
  volume = {3525},
  year = {2005}
}
@article{ramsey1994literate,
  author = {Ramsey, Norman},
  publisher = {IEEE},
  title = {Literate Programming Simplified},
  journal = {IEEE software},
  volume = {11},
  number = {5},
  pages = {97-105},
  year = {1994}
}
@article{becker1994shistory,
  author = {Becker, Richard A},
  title = {A Brief History of s},
  journal = {Computational statistics},
  pages = {81-110},
  year = {1994}
}
@inbook{iverson2007notation,
  author = {Iverson, Kenneth E},
  title = {Notation as a Tool of Thought},
  booktitle = {ACM turing award lectures},
  pages = {1979},
  year = {2007}
}
@article{lamport1994temporal,
  author = {Lamport, Leslie},
  publisher = {ACM New York, NY, USA},
  title = {The Temporal Logic of Actions},
  journal = {ACM Transactions on Programming Languages and Systems
    (TOPLAS)},
  volume = {16},
  number = {3},
  pages = {872-923},
  year = {1994}
}
@article{baker1977incremental,
  author = {Baker Jr, Henry C and Hewitt, Carl},
  publisher = {ACM New York, NY, USA},
  title = {The Incremental Garbage Collection of Processes},
  journal = {ACM SIGART Bulletin},
  number = {64},
  pages = {55-59},
  year = {1977}
}
@article{liskov1988promises,
  author = {Liskov, Barbara and Shrira, Liuba},
  publisher = {ACM New York, NY, USA},
  title = {Promises: {Linguistic} Support for Efficient Asynchronous
    Procedure Calls in Distributed Systems},
  journal = {ACM SIGPLAN Notices},
  volume = {23},
  number = {7},
  pages = {260-267},
  year = {1988}
}
@article{mertz2014cs-figs,
  author = {Mertz, Andrew and Slough, William and Van Cleave, Nancy},
  publisher = {TeX Users Group},
  title = {Typesetting Figures for Computer Science},
  journal = {TUGboat},
  volume = {35},
  number = {2},
  pages = {179-191},
  year = {2014}
}
@article{lamport1982byzantine,
  author = {Lamport, Leslie and Shostak, Robert and Pease, Marshall},
  title = {The Byzantine Generals Problem},
  journal = {ACM Transactions on Programming Languages and Systems},
  pages = {382-401},
  year = {1982}
}
@book{theussl2020dsl,
  author = {Feinerer, Ingo and Theussl, Stefan},
  title = {DSL: {Distributed} Storage and List},
  year = {2020},
  note = {R package version 0.1-7}
}
@inproceedings{rocklin2015dask,
  author = {Rocklin, Matthew},
  publisher = {Citeseer},
  title = {Dask: {Parallel} Computation with Blocked Algorithms and Task
    Scheduling},
  booktitle = {Proceedings of the 14th python in science conference},
  number = {130-136},
  year = {2015}
}
@book{urbanek2020osrv,
  author = {Urbanek, Simon},
  title = {Osrv: {Anychronous} Object Server},
  note = {R package version 0.1}
}
@techreport{RFC3164,
  author = {Lonvick, C.},
  publisher = {RFC Editor; Internet Requests for Comments; RFC Editor},
  title = {The {BSD} Syslog Protocol},
  number = {3164},
  year = {2001}
}
@techreport{RFC5424,
  author = {Gerhards, R.},
  publisher = {RFC Editor; Internet Requests for Comments; RFC Editor},
  title = {The Syslog Protocol},
  number = {5424},
  year = {2009},
  note = {\url{http://www.rfc-editor.org/rfc/rfc5424.txt}}
}
@misc{spark2021monitoring,
  author = {Spark, Apache},
  title = {Monitoring and Instrumentation}
}
@misc{hadoop2021metrics,
  author = {Hadoop},
  title = {Metrics Overview}
}
@misc{dropwizard2021metrics,
  author = {Team, Dropwizard},
  title = {Metrics. {Mind} the Gap}
}
@book{massie2012monitoring,
  author = {Massie, Matt},
  publisher = {O’Reilly Media},
  title = {Monitoring with Ganglia},
  year = {2012},
  address = {Sebastopol, CA}
}
@misc{datadog2021hdfs,
  author = {DATADOG},
  title = {HDFS {DataNode} Integration}
}
@misc{datadog2021spark,
  author = {DATADOG},
  title = {Spark}
}
@article{rydning2018digitization,
  author = {Rydning, David Reinsel–John Gantz–John},
  title = {The Digitization of the World from Edge to Core},
  journal = {Framingham: International Data Corporation},
  year = {2018}
}
@article{hilbert2011world,
  author = {Hilbert, Martin and López, Priscila},
  publisher = {American Association for the Advancement of Science},
  title = {The World?s Technological Capacity to Store, Communicate, and
    Compute Information},
  journal = {science},
  volume = {332},
  number = {6025},
  pages = {60-65},
  year = {2011}
}
@article{fontana2018moore,
  author = {Fontana Jr, Robert E and Decad, Gary M},
  publisher = {AIP Publishing LLC},
  title = {Moore’s Law Realities for Recording Systems and Memory
    Storage Components: {HDD,} Tape, {NAND,} and Optical},
  journal = {AIP Advances},
  volume = {8},
  number = {5},
  pages = {056506},
  year = {2018}
}
@inproceedings{moore1975progress,
  author = {Moore, Gordon E and others},
  publisher = {Maryland, USA},
  title = {Progress in Digital Integrated Electronics},
  booktitle = {Electron devices meeting},
  volume = {21},
  pages = {11-13},
  year = {1975}
}
@inbook{burks1982preliminary,
  author = {Burks, Arthur W and Goldstine, Herman H and Von Neumann,
    John},
  publisher = {Springer},
  title = {Preliminary Discussion of the Logical Design of an Electronic
    Computing Instrument},
  booktitle = {The origins of digital computers},
  pages = {399-413},
  year = {1982}
}
@book{toy1986computer,
  author = {Toy, Wing},
  publisher = {Prentice-Hall},
  title = {Computer Hardware/Software Architecture},
  year = {1986},
  address = {Englewood Cliffs, N.J}
}
@misc{cornell2021standardcomp,
  author = {IT, Cornell},
  title = {Standard Computer Build Specifications}
}
@article{ihaka1996r,
  author = {Ihaka, Ross and Gentleman, Robert},
  publisher = {Taylor \& Francis Group},
  title = {R: {A} Language for Data Analysis and Graphics},
  journal = {Journal of computational and graphical statistics},
  volume = {5},
  number = {3},
  pages = {299-314},
  year = {1996}
}
@article{boja2012distributed,
  author = {Boja, Catalin and Pocovnicu, Adrian and Batagan, Lorena},
  publisher = {INFOREC Association},
  title = {Distributed Parallel Architecture for" Big Data"},
  journal = {Informatica Economica},
  volume = {16},
  number = {2},
  pages = {116},
  year = {2012}
}
@article{flynn1972org,
  author = {Flynn, Michael J},
  publisher = {IEEE},
  title = {Some Computer Organizations and Their Effectiveness},
  journal = {IEEE transactions on computers},
  volume = {100},
  number = {9},
  pages = {948-960},
  year = {1972}
}
@book{bryant2015computer,
  author = {Bryant, Randal},
  publisher = {P. Ed Australia},
  title = {Computer Systems {GE}},
  year = {2015},
  address = {Melbourne}
}
@book{foster1995parallel,
  author = {Foster, Ian},
  publisher = {Addison-Wesley},
  title = {Designing and Building Parallel Programs : {Concepts} and
    Tools for Parallel Software Engineering},
  year = {1995},
  address = {Reading, Mass}
}
@misc{perry2004flashcomp,
  author = {Perry, Tekla S.},
  title = {Building a Supercomputer in a Flash},
  year = {2004}
}
@misc{tiobe2021r,
  author = {company, TIOBE - the software quality},
  title = {R \textbar{} {TIOBE} - the Software Quality Company},
  year = {2021},
  month = {apr}
}
@article{sutter2005free,
  author = {Sutter, Herb},
  title = {The Free Lunch Is over: {A} Fundamental Turn Toward
    Concurrency in Software},
  journal = {Dr. Dobb’s journal},
  volume = {30},
  number = {3},
  pages = {202-210},
  year = {2005}
}
@misc{spolsky2002abstraction,
  author = {Spolsky, Joel},
  title = {The Law of Leaky Abstractions},
  year = {2002},
  month = {nov}
}
@inproceedings{subhlok1993exploiting,
  author = {Subhlok, Jaspal and Stichnoth, James M and O’hallaron, David
    R and Gross, Thomas},
  title = {Exploiting Task and Data Parallelism on a Multicomputer},
  booktitle = {Proceedings of the fourth ACM SIGPLAN symposium on
    principles and practice of parallel programming},
  pages = {13-22},
  year = {1993}
}
@article{alpern1994memhierarchy,
  author = {Alpern, Bowen and Carter, Larry and Feig, Ephraim and
    Selker, Ted},
  publisher = {Springer},
  title = {The Uniform Memory Hierarchy Model of Computation},
  journal = {Algorithmica},
  volume = {12},
  number = {2},
  pages = {72-109},
  year = {1994}
}
@article{bezroukov1999open,
  author = {Bezroukov, Nikolai},
  publisher = {Valauskas, Edward J.},
  title = {Open Source Software Development as a Special Type of
    Academic Research},
  year = {1999}
}
@book{wickham2019advancedr,
  author = {Wickham, Hadley},
  publisher = {CRC press},
  title = {Advanced r},
  year = {2019}
}

@misc{cairns2020largescaler,
  author = {Cairns, Jason},
  title = {largeScaleR: {Provides} a Distributed Framework for
    Statistical Modelling},
  year = {2020},
  note = {R package version 0.2}
}

@book{emmerich2000engineering,
  author = {Emmerich, Wolfgang},
  publisher = {John Wiley \& Sons},
  title = {Engineering Distributed Objects},
  year = {2000},
  address = {Chichester New York}
}

@book{mccool2012structured,
  author = {McCool, Michael},
  publisher = {Elsevier/Morgan Kaufmann},
  title = {Structured Parallel Programming : {Patterns} for Efficient
    Computation},
  year = {2012},
  address = {Amsterdam Boston}
}
@book{rediscc,
  author = {Urbanek, Simon},
  title = {Rediscc: {Redis} Client},
  note = {R package version 0.1-6}
}
@book{osrv,
  author = {Urbanek, Simon},
  title = {Osrv: {Anychronous} Object Server},
  note = {R package version 0.2}
}
@book{ulog,
  author = {Urbanek, Simon},
  title = {Ulog: {Syslog-compatible} {UDP/TCP} Logging},
  note = {R package version 0.1-2}
}
@book{iotools,
  author = {Urbanek, Simon and Arnold, Taylor},
  title = {Iotools: {I/o} Tools for Streaming},
  year = {2020},
  note = {R package version 0.3-1}
}
@misc{ylonen2006secure,
  author = {Ylonen, Tatu and Lonvick, Chris and others},
  publisher = {RFC 4251, January},
  title = {The Secure Shell {(SSH)} Protocol Architecture},
  year = {2006}
}
@inproceedings{denning1968thrashing,
  author = {Denning, Peter J},
  title = {Thrashing: {Its} Causes and Prevention},
  booktitle = {Proceedings of the december 9-11, 1968, fall joint
    computer conference, part i},
  pages = {915-922},
  year = {1968}
}
@misc{drake2014cltvscluster,
  author = {Drake, Adam},
  title = {Command-Line Tools Can Be 235x Faster Than Your Hadoop
    Cluster},
  year = {2014},
  month = {jan}
}
@inproceedings{kim201923,
  author = {Kim, Dongkyun and Park, Minsu and Jang, Sungchun and Song,
    Jun-Yong and Chi, Hankyu and Choi, Geunho and Choi, Sunmyung and
    Kim, Jaeil and Kim, Changhyun and Kim, Kyungwhan and others},
  publisher = {IEEE},
  title = {23.2 a 1.1 v 1ynm 6.4 Gb/s/Pin {16Gb} {DDR5} {SDRAM} with a
    Phase-Rotator-Based {DLL,} High-Speed {SerDes} and {RX/TX}
    Equalization Scheme},
  booktitle = {2019 IEEE international solid-state circuits
    conference-(ISSCC)},
  pages = {380-382},
  year = {2019}
}
@book{samsung2020SSD,
  author = {Ltd., Samsung Electronics Co.},
  title = {Samsung {v-NAND} {SSD} 980 {PRO} 2020 Data Sheet},
  year = {2020}
}
@article{li1991data,
  author = {Li, Jingke and Chen, Marina},
  publisher = {Elsevier},
  title = {The Data Alignment Phase in Compiling Programs for
    Distributed-Memory Machines},
  journal = {Journal of parallel and distributed computing},
  volume = {13},
  number = {2},
  pages = {213-221},
  year = {1991}
}
@inproceedings{serebryany2009threadsanitizer,
  author = {Serebryany, Konstantin and Iskhodzhanov, Timur},
  title = {ThreadSanitizer: {Data} Race Detection in Practice},
  booktitle = {Proceedings of the workshop on binary instrumentation and
    applications},
  pages = {62-71},
  year = {2009}
}
@article{lumley2019glm,
  author = {Lumley, Thomas},
  publisher = {Taylor \& Francis},
  title = {Fast Generalized Linear Models by Database Sampling and
    One-Step Polishing},
  journal = {Journal of Computational and Graphical Statistics},
  volume = {28},
  number = {4},
  pages = {1007-1010},
  year = {2019}
}
@book{bird2010pearls,
 author = {Bird, Richard},
 title = {Pearls of functional algorithm design},
 publisher = {Cambridge University Press},
 year = {2010},
 address = {Cambridge New York},
 isbn = {9780521513388}
 }

@article{miller1992as274,
 ISSN = {00359254, 14679876},
 URL = {http://www.jstor.org/stable/2347583},
 author = {Alan J. Miller},
 journal = {Journal of the Royal Statistical Society. Series C (Applied Statistics)},
 number = {2},
 pages = {458--478},
 publisher = {[Wiley, Royal Statistical Society]},
 title = {Algorithm AS 274: Least Squares Routines to Supplement Those of Gentleman},
 volume = {41},
 year = {1992}
}


@article{guo2012parallel,
	doi = {10.1080/15598608.2012.695705},
	url = {https://doi.org/10.1080%2F15598608.2012.695705},
	year = 2012,
	month = {sep},
	publisher = {Springer Science and Business Media {LLC}},
	volume = {6},
	number = {3},
	pages = {536--565},
	author = {Guangbao Guo},
	title = {Parallel Statistical Computing for Statistical Inference},
	journal = {Journal of Statistical Theory and Practice}
}

@incollection{kruckenberg2005mysql,
	doi = {10.1007/978-1-4302-0048-2_19},
	url = {https://doi.org/10.1007%2F978-1-4302-0048-2_19},
	publisher = {Apress},
	author = {Kruckenberg, Michael and Pipes, Jay},
	year = 2005,
	pages = {617--644},
	title = {Cluster},
	booktitle = {Pro {MySQL}}
}

@article{liskov1988lsp,
	doi = {10.1145/62139.62141},
	url = {https://doi.org/10.1145%2F62139.62141},
	year = 1988,
	month = {may},
	publisher = {Association for Computing Machinery ({ACM})},
	volume = {23},
	number = {5},
	pages = {17--34},
	author = {Barbara Liskov},
	title = {Keynote address - data abstraction and hierarchy},
	journal = {{ACM} {SIGPLAN} Notices}
}

@article{renaut1998parallel,
  title={A parallel multisplitting solution of the least squares problem},
  author={Renaut, Rosemary A},
  journal={Numerical linear algebra with applications},
  volume={5},
  number={1},
  pages={11--31},
  year={1998},
  publisher={Wiley Online Library}
}

@inproceedings{suri2002parallel,
  title={Parallel Levenberg-Marquardt-Based Neural Network Training on Linux Clusters-A Case Study.},
  author={Suri, NNR Ranga and Deodhare, Dipti and Nagabhushan, P},
  booktitle={ICVGIP},
  pages={1--6},
  year={2002}
}

@article{strid2010parmcmc,
	doi = {10.1016/j.csda.2009.11.019},
	url = {https://doi.org/10.1016%2Fj.csda.2009.11.019},
	year = 2010,
	month = {nov},
	publisher = {Elsevier {BV}},
	volume = {54},
	number = {11},
	pages = {2814--2835},
	author = {Ingvar Strid},
	title = {Efficient parallelisation of Metropolis{\textendash}Hastings algorithms using a prefetching approach},
	journal = {Computational Statistics {\&} Data Analysis}
}

@Book{goetz2006java,
 author = {Goetz, Brian},
 title = {Java concurrency in practice},
 publisher = {Addison-Wesley},
 year = {2006},
 address = {Upper Saddle River, NJ},
 isbn = {0321349601}
 }

@article{shal2009build,
  title={Build system rules and algorithms},
  author={Shal, Mike},
  journal={Published online (2009). Retrieved July},
  volume={18},
  pages={2013},
  year={2009}
}

@article{elnozahy2002recovery,
	doi = {10.1145/568522.568525},
	url = {https://doi.org/10.1145%2F568522.568525},
	year = 2002,
	month = {sep},
	publisher = {Association for Computing Machinery ({ACM})},
	volume = {34},
	number = {3},
	pages = {375--408},
	author = {E. N. (Mootaz) Elnozahy and Lorenzo Alvisi and Yi-Min Wang and David B. Johnson},
	title = {A survey of rollback-recovery protocols in message-passing systems},
	journal = {{ACM} Computing Surveys}
}

@article{walters2009replication,
	doi = {10.1109/tpds.2008.172},
	url = {https://doi.org/10.1109%2Ftpds.2008.172},
	year = 2009,
	month = {jul},
	publisher = {Institute of Electrical and Electronics Engineers ({IEEE})},
	volume = {20},
	number = {7},
	pages = {997--1010},
	author = {J.P. Walters and V. Chaudhary},
	title = {Replication-Based Fault Tolerance for {MPI} Applications},
	journal = {{IEEE} Transactions on Parallel and Distributed Systems}
}

@incollection{merkle1988tree,
	doi = {10.1007/3-540-48184-2_32},
	url = {https://doi.org/10.1007%2F3-540-48184-2_32},
	year = 1988,
	publisher = {Springer Berlin Heidelberg},
	pages = {369--378},
	author = {Ralph C. Merkle},
	title = {A Digital Signature Based on a Conventional Encryption Function},
	booktitle = {Advances in Cryptology {\textemdash} {CRYPTO} '87}
}

@article{nakamoto2008bitcoin,
  title={Bitcoin: A peer-to-peer electronic cash system},
  author={Nakamoto, Satoshi},
  journal={Decentralized Business Review},
  pages={21260},
  year={2008}
}

@incollection{chacon2014progit,
	doi = {10.1007/978-1-4842-0076-6_2},
	url = {https://doi.org/10.1007%2F978-1-4842-0076-6_2},
	year = 2014,
	publisher = {Apress},
	pages = {15--41},
	author = {Scott Chacon and Ben Straub},
	title = {Git Basics},
	booktitle = {Pro Git}
}

@techreport{mogul2002deltahttp,
	doi = {10.17487/rfc3229},
	url = {https://doi.org/10.17487%2Frfc3229},
	year = 2002,
	month = {jan},
	publisher = {{RFC} Editor},
	author = {J. Mogul and B. Krishnamurthy and F. Douglis and A. Feldmann and Y. Goland and A. van and D. Hellerstein},
	title = {Delta encoding in {HTTP}}
}

@misc{john2017survey,
    title={A Survey of Distributed Message Broker Queues},
    author={Vineet John and Xia Liu},
    year={2017},
    eprint={1704.00411},
    archivePrefix={arXiv},
    primaryClass={cs.DC}
}

@article{lua2005p2p,
	doi = {10.1109/comst.2005.1610546},
	url = {https://doi.org/10.1109%2Fcomst.2005.1610546},
	year = 2005,
	publisher = {Institute of Electrical and Electronics Engineers ({IEEE})},
	volume = {7},
	number = {2},
	pages = {72--93},
	author = {Eng Keong Lua and J. Crowcroft and M. Pias and R. Sharma and S. Lim},
	title = {A survey and comparison of peer-to-peer overlay network schemes},
	journal = {{IEEE} Communications Surveys {\&} Tutorials}
}

@article{balakrishnan2003p2p,
	doi = {10.1145/606272.606299},
	url = {https://doi.org/10.1145%2F606272.606299},
	year = 2003,
	month = {feb},
	publisher = {Association for Computing Machinery ({ACM})},
	volume = {46},
	number = {2},
	pages = {43--48},
	author = {Hari Balakrishnan and M. Frans Kaashoek and David Karger and Robert Morris and Ion Stoica},
	title = {Looking up data in P2P systems},
	journal = {Communications of the {ACM}}
}

@article{urdaneta2011dhtsec,
	doi = {10.1145/1883612.1883615},
	url = {https://doi.org/10.1145%2F1883612.1883615},
	year = 2011,
	month = {jan},
	publisher = {Association for Computing Machinery ({ACM})},
	volume = {43},
	number = {2},
	pages = {1--49},
	author = {Guido Urdaneta and Guillaume Pierre and Maarten Van Steen},
	title = {A survey of {DHT} security techniques},
	journal = {{ACM} Computing Surveys}
}

@incollection{douceur2002sybil,
	doi = {10.1007/3-540-45748-8_24},
	url = {https://doi.org/10.1007%2F3-540-45748-8_24},
	year = 2002,
	publisher = {Springer Berlin Heidelberg},
	pages = {251--260},
	author = {John R. Douceur},
	title = {The Sybil Attack},
	booktitle = {Peer-to-Peer Systems}
}

@incollection{thaler1996rendezvous,
  title={A name-based mapping scheme for rendezvous},
  author={Thaler, David and Ravishankar, Chinya V},
  booktitle={Technical Report CSE-TR-316-96, University of Michigan},
  publisher={University of Michigan},
  year={1996}
}

@incollection{galuba2009p2p,
	doi = {10.1007/978-0-387-39940-9_1215},
	url = {https://doi.org/10.1007%2F978-0-387-39940-9_1215},
	year = 2009,
	publisher = {Springer {US}},
	pages = {2056--2061},
	author = {Wojciech Galuba and Sarunas Girdzijauskas},
	title = {Peer to Peer Overlay Networks: Structure, Routing and Maintenance},
	booktitle = {Encyclopedia of Database Systems}
}

@article{stoica2001chord,
	doi = {10.1145/964723.383071},
	url = {https://doi.org/10.1145%2F964723.383071},
	year = 2001,
	month = {oct},
	publisher = {Association for Computing Machinery ({ACM})},
	volume = {31},
	number = {4},
	pages = {149--160},
	author = {Ion Stoica and Robert Morris and David Karger and M. Frans Kaashoek and Hari Balakrishnan},
	title = {Chord: A scalable peer-to-peer lookup service for internet applications},
	journal = {{ACM} {SIGCOMM} Computer Communication Review}
}

@inproceedings{karger1997hash,
	doi = {10.1145/258533.258660},
	url = {https://doi.org/10.1145%2F258533.258660},
	year = 1997,
	publisher = {{ACM} Press},
	author = {David Karger and Eric Lehman and Tom Leighton and Rina Panigrahy and Matthew Levine and Daniel Lewin},
	title = {Consistent hashing and random trees},
	booktitle = {Proceedings of the twenty-ninth annual {ACM} symposium on Theory of computing  - {STOC} {\textquotesingle}97}
}

@article{buterin2014ethereum,
  title={A next-generation smart contract and decentralized application platform},
  author={Buterin, Vitalik and others},
  journal={Bitcoin Magazine},
  volume={3},
  number={37},
  year={2014}
}

@incollection{maymounkov2002kademlia,
	doi = {10.1007/3-540-45748-8_5},
	url = {https://doi.org/10.1007%2F3-540-45748-8_5},
	year = 2002,
	publisher = {Springer Berlin Heidelberg},
	pages = {53--65},
	author = {Petar Maymounkov and David Mazi{\`{e}}res},
	title = {Kademlia: A Peer-to-Peer Information System Based on the {XOR} Metric},
	booktitle = {Peer-to-Peer Systems}
}

@inproceedings{alkhulaiwi2016tox,
	doi = {10.1109/pst.2016.7906977},
	url = {https://doi.org/10.1109%2Fpst.2016.7906977},
	year = 2016,
	month = {dec},
	publisher = {{IEEE}},
	author = {Rakan Alkhulaiwi and Abdulhakim Sabur and Khalid Aldughayem and Osama Almanna},
	title = {Survey of secure anonymous peer to peer Instant Messaging protocols},
	booktitle = {2016 14th Annual Conference on Privacy, Security and Trust ({PST})}
}

@incollection{wachs2014gnunet,
	doi = {10.1007/978-3-319-12280-9_9},
	url = {https://doi.org/10.1007%2F978-3-319-12280-9_9},
	year = 2014,
	publisher = {Springer International Publishing},
	pages = {127--142},
	author = {Matthias Wachs and Martin Schanzenbach and Christian Grothoff},
	title = {A Censorship-Resistant, Privacy-Enhancing and Fully Decentralized Name System},
	booktitle = {Cryptology and Network Security}
}

@article{aspnes2007skipgraph,
	doi = {10.1145/1290672.1290674},
	url = {https://doi.org/10.1145%2F1290672.1290674},
	year = 2007,
	month = {nov},
	publisher = {Association for Computing Machinery ({ACM})},
	volume = {3},
	number = {4},
	pages = {37},
	author = {James Aspnes and Gauri Shah},
	title = {Skip graphs},
	journal = {{ACM} Transactions on Algorithms}
}

@Book{gamma1995design,
 author = {Gamma, Erich},
 title = {Design patterns : elements of reusable object-oriented software},
 publisher = {Addison-Wesley},
 year = {1995},
 address = {Reading, Mass},
 isbn = {0-201-63361-2}
 }

@inproceedings{brewer1999cap,
	title={Harvest, yield, and scalable tolerant systems},
	url={http://dx.doi.org/10.1109/HOTOS.1999.798396},
	DOI={10.1109/hotos.1999.798396},
	booktitle={Proceedings of the Seventh Workshop on Hot Topics in Operating Systems},
	publisher={IEEE Comput. Soc},
	author={Fox, A. and Brewer, E.A.},
	month={mar},
	year={1999}
}

@article{gilbert2002brewer,
	title={Brewer’s conjecture and the feasibility of consistent, available, partition-tolerant web services},
	volume={33},
	url={http://dx.doi.org/10.1145/564585.564601},
	DOI={10.1145/564585.564601},
	number={2},
	journal={ACM SIGACT News},
	publisher={Association for Computing Machinery (ACM)},
	author={Gilbert, Seth and Lynch, Nancy},
	year={2002},
	month={Jun},
	pages={51–59}
}
